
@book{kahneman2011thinking,
  title={Thinking, fast and slow},
  author={Kahneman, Daniel},
  year={2011},
  publisher={Macmillan}
}

@book{kernighan2006c,
  title={The C programming language},
  author={Kernighan, Brian W and Ritchie, Dennis M},
  year={2006}
}

